@article{Zemke:2017,
    AUTHOR = {Zemke, Jens-Peter M.},
     TITLE = {Variants of {IDR} with partial orthonormalization},
   JOURNAL = {Electron. Trans. Numer. Anal.},
  FJOURNAL = {Electronic Transactions on Numerical Analysis},
    VOLUME = 46,
      YEAR = 2017,
     PAGES = {245--272},
   MRCLASS = {65F10 (65F25 65F50)},
  MRNUMBER = 3678571,
MRREVIEWER = {Ninoslav Truhar},
  url =          {http://etna.mcs.kent.edu/volumes/2011-2020/vol46/abstract.php?vol=46&pages=245-272},
}

@Online{Lefkowitz:2019,
  author = {Melanie Lefkowitz},
  title = {Professor’s perceptron paved the way for AI – 60 years too soon},
  year = 2019,
  url = {https://news.cornell.edu/stories/2019/09/professors-perceptron-paved-way-ai-60-years-too-soon},
  urldate = {2020-10-20}
}
